<record><leader>00000cas a22000007a 4500</leader><controlfield tag="001">12715626</controlfield><controlfield tag="008">851024d19311971pauwr ne      0    0eng d</controlfield><datafield ind1=" " ind2=" " tag="010"><subfield code="a">sn 85055146 </subfield></datafield><datafield ind1=" " ind2=" " tag="040"><subfield code="a">NPH</subfield><subfield code="b">eng</subfield><subfield code="c">NPH</subfield><subfield code="d">YOX</subfield><subfield code="d">OCL</subfield><subfield code="d">OCLCQ</subfield><subfield code="d">OCLCF</subfield><subfield code="d">OCLCO</subfield></datafield><datafield ind1="1" ind2=" " tag="029"><subfield code="a">AU@</subfield><subfield code="b">000024688469</subfield></datafield><datafield ind1=" " ind2=" " tag="042"><subfield code="a">msc</subfield></datafield><datafield ind1=" " ind2=" " tag="043"><subfield code="a">n-us-pa</subfield></datafield><datafield ind1="0" ind2="4" tag="245"><subfield code="a">The Philadelphia independent.</subfield></datafield><datafield ind1=" " ind2=" " tag="260"><subfield code="a">Philadelphia, Pa. :</subfield><subfield code="b">[s.n.]</subfield></datafield><datafield ind1=" " ind2=" " tag="300"><subfield code="a">v. :</subfield><subfield code="b">ill. ;</subfield><subfield code="c">44 cm.</subfield></datafield><datafield ind1=" " ind2=" " tag="310"><subfield code="a">Weekly,</subfield><subfield code="b">&lt;Feb. 3, 1935-&gt;</subfield></datafield><datafield ind1="1" ind2=" " tag="362"><subfield code="a">Began May 10, 1931.</subfield><subfield code="z">Cf. Checklist of Pa. newspapers.</subfield></datafield><datafield ind1="1" ind2=" " tag="362"><subfield code="a">Ceased in 1971?</subfield><subfield code="z">Cf. NIM: US, 1983.</subfield></datafield><datafield ind1=" " ind2=" " tag="500"><subfield code="a">"The world's greatest Negro tabloid."</subfield></datafield><datafield ind1=" " ind2=" " tag="500"><subfield code="a">June 4, 1939- called "Local and national edition."</subfield></datafield><datafield ind1=" " ind2=" " tag="500"><subfield code="a">Published every Sunday.</subfield></datafield><datafield ind1=" " ind2=" " tag="500"><subfield code="a">Publisher: Philadelphia Independent Pub. Co., &lt;Feb. 3, 1935-&gt;.</subfield></datafield><datafield ind1=" " ind2=" " tag="500"><subfield code="a">Title serves: Philadelphia, Pa. and Atlantic City, N.J., &lt;July 29, 1934&gt;.</subfield></datafield><datafield ind1=" " ind2=" " tag="588"><subfield code="a">Description based on: Vol. 4, no. 30 (July 29, 1934).</subfield></datafield><datafield ind1=" " ind2="0" tag="650"><subfield code="a">African Americans</subfield><subfield code="z">Pennsylvania</subfield><subfield code="z">Philadelphia</subfield><subfield code="v">Newspapers.</subfield></datafield><datafield ind1=" " ind2="4" tag="651"><subfield code="a">Philadelphia (Pa.)</subfield><subfield code="v">Newspapers.</subfield></datafield><datafield ind1=" " ind2="7" tag="655"><subfield code="a">Newspapers.</subfield><subfield code="2">fast</subfield><subfield code="0">(OCoLC)fst01423814</subfield></datafield><datafield ind1=" " ind2="7" tag="650"><subfield code="a">African Americans.</subfield><subfield code="2">fast</subfield><subfield code="0">(OCoLC)fst00799558</subfield></datafield><datafield ind1=" " ind2="7" tag="651"><subfield code="a">Pennsylvania</subfield><subfield code="z">Philadelphia.</subfield><subfield code="2">fast</subfield><subfield code="0">(OCoLC)fst01204170</subfield></datafield><datafield ind1=" " ind2=" " tag="752"><subfield code="a">United States</subfield><subfield code="b">Pennsylvania</subfield><subfield code="c">Philadelphia</subfield><subfield code="d">Philadelphia.</subfield></datafield><datafield ind1=" " ind2=" " tag="752"><subfield code="a">United States</subfield><subfield code="b">New Jersey</subfield><subfield code="c">Atlantic</subfield><subfield code="d">Atlantic City.</subfield></datafield></record>